@article{bizer2009linked,
  author    = {Christian Bizer and Tom Heath and Tim Berners-Lee},
  title     = {Linked Data - The Story So Far},
  journal   = {International Journal on Semantic Web and Information Systems (IJSWIS)},
  volume    = {5},
  number    = {3},
  year      = {2009},
  pages     = {1-22},
  publisher = {IGI Global}
}

@inproceedings{chiarcos2013linguistic,
  author    = {Christian Chiarcos and John P. McCrae and Philipp Cimiano},
  title     = {Linguistic Linked Open Data (LLOD): Introduction and Overview},
  booktitle = {Proceedings of the 2nd Workshop on Linked Data in Linguistics},
  year      = {2013},
  pages     = {1-5}
}

@article{chiarcos2012olia,
  author    = {Christian Chiarcos},
  title     = {Ontologies of Linguistic Annotation: Survey and Perspectives},
  journal   = {Computational Linguistics},
  volume    = {38},
  number    = {3},
  year      = {2012},
  pages     = {735-773},
  publisher = {MIT Press}
}
